@online{determining-system-requirements,
    author = {Jeffrey A. Hoffer and Joey F. George and Joseph S. Valacich},
    publisher = {Prentice-Hall, Inc.},
    title = {Determining System Requirements},
    urldate = {2022-05-04},
    date = {2002},
    url = {https://www.slideshare.net/emolagi/chapter07-determining-system-requirements}
}

@online{ac-agape,
    title = {O nás - Sbor Agape Český Těšín},
    urldate = {2022-04-12},
    url = {http://sboragape.cz/o-nas/}
}

@online{open-song-format,
    author = {OpenSong},
    title = {OpenSong File Formats},
    date = {2015},
    urldate = {2022-04-06},
    url = {http://www.opensong.org/home/file-formats}
}

@online{krsb-tesin,
    title = {O nás - český těšín},
    date = {2022},
    urldate = {2022-04-12},
    url = {http://www.kstesin.cz/?page_id=139}
}

@online{krsb-pristav,
    title = {Klub mládeže PŘÍSTAV - český těšín},
    date = {2022},
    urldate = {2022-04-12},
    url = {http://www.kstesin.cz/?page_id=502}
}

@online{krsb-pysely,
    title = {O nás - Křesťanský sbor Pyšely},
    date = {2015},
    urldate = {2022-04-12},
    url = {https://kspysely.cz/o-nas}
}

@online{internet-usage-czechia,
    title = {Internet používá přes 80 \% obyvatel Česka},
    date = {2020-03-24},
    urldate = {2022-04-06},
    url = {https://www.czso.cz/csu/czso/internet-pouziva-pres-80-obyvatel-ceska}
}

@online{open-lyrics-format,
    author = {Martin Zibricky and Raoul Snyman and Samuel Mehrbrodt and others},
    title = {Data Format -- OpenLyrics v0.8 Documentation},
    date = {2021},
    urldate = {2022-04-06},
    url = {https://docs.openlyrics.org/en/latest/dataformat.html#basic-structure}
}

@online{what-is-rdbms,
    author = {Codecademy},
    title = {What is a Relational Database Management System? | Codecademy},
    date = {2022},
    urldate = {2022-04-26},
    url = {https://www.codecademy.com/article/what-is-rdbms-sql}
}

@online{why-nosql,
    author = {Couchbase},
    title = {NoSQL Databases -- What They Are and Why You Need One},
    date = {2022},
    urldate = {2022-04-20},
    url = {https://www.couchbase.com/resources/why-nosql}
}

@online{mysql,
    author = {Oracle},
    title = {MySQL},
    date = {2022},
    urldate = {2022-04-20},
    url = {https://www.mysql.com/}
}

@online{mariadb,
    author = {{MariaDB Foundation}},
    title = {MariaDB Server: The open source relational database},
    date = {2022},
    urldate = {2022-04-20},
    url = {https://mariadb.org/}
}

@online{postgresql,
    author = {{The PostgreSQL Global Development Group}},
    title = {PostgreSQL: The world's most advanced open source database},
    date = {2022},
    urldate = {2022-04-20},
    url = {https://www.postgresql.org/}
}

@online{oracle,
    author = {Oracle},
    title = {Database Services},
    date = {2022},
    urldate = {2022-04-20},
    url = {https://www.oracle.com/database/}
}

@online{mssql,
    author = {Microsoft},
    title = {SQL Server 2019 | Microsoft},
    date = {2022},
    urldate = {2022-04-20},
    url = {https://www.microsoft.com/en-us/sql-server/sql-server-2019}
}

@online{altexsoft,
    author = {AltexSoft},
    title = {Comparing SOAP vs REST vs GraphQL vs RPC API},
    urldate = {2022-04-13},
    date = {2020-05-29},
    url = {https://www.altexsoft.com/blog/soap-vs-rest-vs-graphql-vs-rpc/}
}

@online{graphql,
    author = {{The GraphQL Foundation}},
    title = {GraphQL | A query language for your API},
    date = {2022},
    urldate = {2022-04-20},
    url = {https://graphql.org/}
}

@online{apollo-graphql,
    author = {{Apollo Graph Inc.}},
    title = {Apollo GraphQL | Supergraph: unify APIs, microservices, \& databases in a composable graph},
    date = {2022},
    urldate = {2022-04-20},
    url = {https://www.apollographql.com/}
}

@online{php,
    author = {{The PHP Group}},
    title = {PHP: Hypertext Preprocessor},
    date = {2022},
    urldate = {2022-04-20},
    url = {https://www.php.net/}
}

@online{slim,
    author = {Josh Lockhart and Andrew Smith and Rob Allen and Pierre Bérubé and others},
    title = {Slim Framework},
    urldate = {2022-04-20},
    url = {https://www.slimframework.com}
}

@online{nette,
    author = {{Nette Foundation}},
    title = {Nette - pohodlný a bezpečný vývoj webových aplikací v PHP},
    date = {2022},
    urldate = {2022-04-20},
    url = {https://nette.org}
}

@online{symfony,
    title = {Symfony, High Performance PHP Framework for Web Development},
    urldate = {2022-04-20},
    url = {https://symfony.com}
}

@online{csharp,
    author = {Microsoft},
    title = {A tour of C\# - Overview | Microsoft Docs},
    date = {2022},
    urldate = {2022-04-20},
    url = {https://docs.microsoft.com/en-us/dotnet/csharp/tour-of-csharp/}
}

@online{dotnet,
    author = {Microsoft},
    title = {What is .NET?},
    date = {2022},
    urldate = {2022-04-20},
    url = {https://dotnet.microsoft.com/en-us/learn/dotnet/what-is-dotnet}
}

@online{java,
    author = {Oracle},
    title = {What is Java and why do I need it?},
    urldate = {2022-04-20},
    url = {https://www.java.com/en/download/help/whatis_java.html}
}

@online{spring-web,
    author = {{VMware, Inc.}},
    title = {Getting Started | Serving Web Content with Spring MVC},
    date = {2022},
    urldate = {2022-04-20},
    url = {https://spring.io/guides/gs/serving-web-content/}
}

@online{kotlin,
    author = {Jetbrains},
    title = {Kotlin Programming Language},
    urldate = {2022-04-20},
    url = {https://kotlinlang.org/}
}

@online{ktor,
    author = {Jetbrains},
    title = {Ktor: Build Asynchronous Servers and Clients in Kotlin | Ktor Framework},
    urldate = {2022-04-20},
    url = {https://ktor.io}
}

@online{swift,
    author = {{Apple Inc.}},
    title = {Swift.org - About Swift},
    date = {2022},
    urldate = {2022-04-20},
    url = {https://www.swift.org/about/}
}

@online{mvc-mvvm,
    author = {{Mindbowser Infosolutions}},
    title = {MVC vs MVVM In Swift - Mindbowser},
    date = {2022},
    urldate = {2022-04-20},
    url = {https://www.mindbowser.com/mvc-vs-mvvm-in-swift/}
}

@online{spring-jpa,
    author = {{VMware, Inc.}},
    title = {Spring Data JPA},
    date = {2022},
    urldate = {2022-04-20},
    url = {https://spring.io/projects/spring-data-jpa}
}

@online{jpql,
    author = {Baeldung},
    title = {Spring Data JPA @Query | Baeldung},
    date = {2021-12-05},
    urldate = {2022-04-20},
    url = {https://www.baeldung.com/spring-data-jpa-query}
}

@online{swift-codable,
    author = {{Apple Inc.}},
    title = {Encoding and Decoding Custom Types | Apple Developer Documentation},
    date = {2022},
    urldate = {2022-04-24},
    url = {https://developer.apple.com/documentation/foundation/archives_and_serialization/encoding_and_decoding_custom_types}
}

@online{swift-async-completion,
    author = {Vincent Pradeilles},
    title = {Wrapping completion handlers into async APIs | WWDC by Sundell \& Friends},
    date = {2021-06-10},
    urldate = {2022-04-24},
    url = {https://wwdcbysundell.com/2021/wrapping-completion-handlers-into-async-apis/}
}

@online{swift-extensions,
    author = {{Apple Inc.}},
    title = {Extensions -- The Swift Programming Language (Swift 5.6)},
    date = {2022},
    urldate = {2022-04-24},
    url = {https://docs.swift.org/swift-book/LanguageGuide/Extensions.html}
}

@online{uikit,
    author = {{Apple Inc.}},
    title = {UIKit | Apple Developer Documentation},
    date = {2022},
    urldate = {2022-04-21},
    url = {https://developer.apple.com/documentation/uikit}
}

@online{appkit,
    author = {{Apple Inc.}},
    title = {AppKit | Apple Developer Documentation},
    date = {2022},
    urldate = {2022-04-21},
    url = {https://developer.apple.com/documentation/appkit}
}

@online{swiftui,
    author = {{Apple Inc.}},
    title = {SwiftUI Overview - Xcode - Apple Developer},
    date = {2022},
    urldate = {2022-04-21},
    url = {https://developer.apple.com/xcode/swiftui/}
}

@online{swiftui-list,
    author = {{Apple Inc.}},
    title = {List | Apple Developer Documentation},
    date = {2022},
    urldate = {2022-04-21},
    url = {https://developer.apple.com/documentation/swiftui/list}
}

@online{swiftui-lazyvstack,
    author = {{Apple Inc.}},
    title = {LazyVStack | Apple Developer Documentation},
    date = {2022},
    urldate = {2022-04-21},
    url = {https://developer.apple.com/documentation/swiftui/lazyvstack}
}

@online{swiftui-navigationview,
    author = {{Apple Inc.}},
    title = {NavigationView | Apple Developer Documentation},
    urldate = {2022-04-23},
    url = {https://developer.apple.com/documentation/swiftui/navigationview}
}

@online{swiftui-navigationlink,
    author = {{Apple Inc.}},
    title = {NavigationLink | Apple Developer Documentation},
    urldate = {2022-04-23},
    url = {https://developer.apple.com/documentation/swiftui/navigationlink}
}

@online{protocol-oriented-programming,
    title = {Swifty Protocol-Oriented Dependency Injection},
    date = {2018-04-11},
    urldate = {2022-04-26},
    url = {https://zamzam.io/swift-protocol-oriented-dependency-injection/}
}

@online{swift-localizedstring,
    author = {{Apple Inc.}},
    title = {NSLocalizedString | Apple Developer Documentation},
    date = {2022},
    urldate = {2022-04-26},
    url = {https://developer.apple.com/documentation/foundation/nslocalizedstring}
}

@online{swiftui-text,
    author = {{Apple Inc.}},
    title = {Text | Apple Developer Documentation},
    date = {2022},
    urldate = {2022-04-26},
    url = {https://developer.apple.com/documentation/swiftui/text}
}

@online{transpozice,
    author = {Dušan Janovský},
    title = {Transpozice},
    urldate = {2022-04-26},
    url = {https://dusan.pc-slany.cz/hudba/transpozice.htm}
}

@online{chromatic-circle,
    author = {David Eppstein},
    title = {The chromatic circle},
    date = {2008-04-08},
    urldate = {2022-04-27},
    url = {https://en.wikipedia.org/wiki/Chromatic_circle#/media/File:Pitch_class_space.svg}
}

@online{kotest,
    author = {{Kotest Team}},
    title = {Kotest},
    date = {2022},
    urldate = {2022-04-27},
    url = {https://kotest.io}
}

@online{mockk,
    title = {MockK - library for Kotlin},
    urldate = {2022-04-27},
    url = {https://mockk.io}
}

@online{xctest,
    author = {{Apple Inc.}},
    title = {XCTest | Apple Developer Documentation},
    date = {2022},
    urldate = {2022-04-27},
    url = {https://developer.apple.com/documentation/xctest}
}

@online{postman,
    author = {{Postman, Inc.}},
    title = {Postman API Platform},
    date = {2022},
    urldate = {2022-04-27},
    url = {https://www.postman.com/product/what-is-postman/}
}

@online{app-store,
    author = {{Apple Inc.}},
    title = {App Store - Apple (CZ)},
    date = {2022},
    urldate = {2022-04-27},
    url = {https://www.apple.com/cz/app-store/}
}

@online{testflight,
    author = {{Apple Inc.}},
    title = {TestFlight - Apple Developer},
    date = {2022},
    urldate = {2022-04-27},
    url = {https://developer.apple.com/testflight/}
}

@online{app-store-connect,
    author = {{Apple Inc.}},
    title = {App Store Connect - Apple Developer},
    date = {2022},
    urldate = {2022-04-27},
    url = {https://developer.apple.com/app-store-connect/}
}

@online{hicoria,
    author = {{Hicoria.com}},
    title = {Game \& VPS hosting | Hicoria.com},
    date = {2022},
    urldate = {2022-04-27},
    url = {https://hicoria.com/}
}

@online{maven,
    author = {{The Apache Software Foundation}},
    title = {Maven - Welcome to Apache Maven},
    date = {2022},
    urldate = {2022-04-27},
    url = {https://maven.apache.org}
}

@online{swagger,
    author = {{SmartBear Software}},
    title = {Swagger Editor},
    date = {2021},
    urldate = {2022-05-04},
    url = {https://editor.swagger.io}
}
